<?xml version="1.0" encoding="UTF-8"?><record xmlns="http://www.loc.gov/MARC21/slim" xmlns:cinclude="http://apache.org/cocoon/include/1.0" xmlns:zs="http://www.loc.gov/zing/srw/">
  <leader>00616nz  a2200157n  4500</leader>
  <controlfield tag="001">n  85385165 </controlfield>
  <controlfield tag="003">DLC</controlfield>
  <controlfield tag="005">19860613163427.3</controlfield>
  <controlfield tag="008">860603n| acannaab|          |a aaa |||  </controlfield>
  <datafield tag="010" ind1=" " ind2=" ">
    <subfield code="a">n  85385165 </subfield>
  </datafield>
  <datafield tag="040" ind1=" " ind2=" ">
    <subfield code="a">DLC</subfield>
    <subfield code="c">DLC</subfield>
    <subfield code="d">DLC</subfield>
  </datafield>
  <datafield tag="100" ind1="1" ind2="0">
    <subfield code="a">Rykovskiĭ, G. F.</subfield>
    <subfield code="q">(Gennadiĭ Feodosʹevich)</subfield>
  </datafield>
  <datafield tag="400" ind1="1" ind2="0">
    <subfield code="a">Rykovsky, G. F.</subfield>
  </datafield>
  <datafield tag="400" ind1="1" ind2="0">
    <subfield code="a">Rykoŭski, H. F.</subfield>
  </datafield>
  <datafield tag="400" ind1="1" ind2="0">
    <subfield code="a">Rykovskiĭ, Gennadiĭ Feodosʹevich</subfield>
  </datafield>
  <datafield tag="670" ind1=" " ind2=" ">
    <subfield code="a">Parfenov, V. I. Antropogennye izmenenii︠a︡ flory i rastitelʹnosti Belorussii, 1985:</subfield>
    <subfield code="b">t.p. (G. F. Rykovskiĭ) added t.p. (H. F. Rykoŭski; G. F. Rykovsky) colophon (Gennadiĭ Feodosʹevich Rykovskiĭ)</subfield>
  </datafield>
</record>